

@INPROCEEDINGS{proximus,
    author = {Mehmet Koyut√ºrk and Ananth Grama},
    title = {PROXIMUS: A Framework for Analyzing Very High Dimensional Discrete-Attributed Datasets},
    booktitle = {IN PROC. NINTH ACM SIGKDD INTL. CONF. ON KNOWLEDGE DISCOVERY AND DATA MINING (KDD 2003},
    year = {2003},
    pages = {147--156},
    publisher = {IEEE Computer Society}
}

@ARTICLE{ksvd,
author={M. Aharon and M. Elad and A. Bruckstein},
journal={IEEE Transactions on Signal Processing},
title={\rm K -SVD: An Algorithm for Designing Overcomplete Dictionaries for Sparse Representation},
year={2006},
volume={54},
number={11},
pages={4311-4322},
keywords={image coding;image representation;iterative methods;singular value decomposition;transforms;K-SVD;K-means clustering process;image data;iterative method;linear transforms;overcomplete dictionary;signals sparse representation;sparse coding;sparsity constraints;Algorithm design and analysis;Clustering algorithms;Dictionaries;Feature extraction;Inverse problems;Iterative algorithms;Matching pursuit algorithms;Prototypes;Pursuit algorithms;Signal design;Atom decomposition;FOCUSS;basis pursuit;codebook;dictionary;gain-shape VQ;matching pursuit;sparse representation;training;vector quantization},
doi={10.1109/TSP.2006.881199},
ISSN={1053-587X},
month={Nov},}


@article{bam,
 author = {Kosko, Bart},
 title = {Bidirectional Associative Memories},
 journal = {IEEE Trans. Syst. Man Cybern.},
 issue_date = {January/February 1988},
 volume = {18},
 number = {1},
 month = jan,
 year = {1988},
 issn = {0018-9472},
 pages = {49--60},
 numpages = {12},
 url = {http://dx.doi.org/10.1109/21.87054},
 doi = {10.1109/21.87054},
 acmid = {46936},
 publisher = {IEEE Press},
 address = {Piscataway, NJ, USA},
} 

