@unpublished{bmf,
	author={Ignacio Ram\'{\i}rez},
	title={Binary Matrix Factorizatin via Dictionary Learning},
	comment={Submitted}
}
